<?xml version="1.0" encoding="UTF-8"?><collection xmlns="http://www.loc.gov/MARC21/slim"><record><leader>00401nam--2200145-i-4500</leader><controlfield tag="001">000020338</controlfield><controlfield tag="002">20161230</controlfield><controlfield tag="005">20170113231047</controlfield><controlfield tag="008">060222s1000------------r-----000-0-eng-d</controlfield><datafield ind1=" " ind2=" " tag="080"><subfield code="a">621.039.58</subfield></datafield><datafield ind1=" " ind2=" " tag="245"><subfield code="a">The consequences of the Chernobyl nuclear accident in Greece</subfield></datafield><datafield ind1=" " ind2=" " tag="260"><subfield code="a">Athens</subfield><subfield code="b">Greek Atomic Energy Commission</subfield><subfield code="c">1986</subfield></datafield><datafield ind1=" " ind2=" " tag="300"><subfield code="a">VII + 80 p</subfield></datafield><datafield ind1=" " ind2=" " tag="852"><subfield code="a">73552</subfield></datafield><datafield ind1=" " ind2=" " tag="CAT"><subfield code="a">SYS</subfield><subfield code="c">20170113</subfield><subfield code="h">231047</subfield></datafield></record></collection>